<?xml version="1.0" encoding="UTF-8"?><record xmlns="http://www.loc.gov/MARC21/slim" xmlns:cinclude="http://apache.org/cocoon/include/1.0" xmlns:zs="http://www.loc.gov/zing/srw/">
  <leader>00390cz  a2200133n  4500</leader>
  <controlfield tag="001">n  82231261 </controlfield>
  <controlfield tag="003">DLC</controlfield>
  <controlfield tag="005">20081221204830.0</controlfield>
  <controlfield tag="008">831207n| acannaabn          |n aaa      </controlfield>
  <datafield tag="010" ind1=" " ind2=" ">
    <subfield code="a">n  82231261 </subfield>
  </datafield>
  <datafield tag="035" ind1=" " ind2=" ">
    <subfield code="a">(OCoLC)oca00884029</subfield>
  </datafield>
  <datafield tag="040" ind1=" " ind2=" ">
    <subfield code="a">DLC</subfield>
    <subfield code="b">eng</subfield>
    <subfield code="c">DLC</subfield>
    <subfield code="d">OCoLC</subfield>
  </datafield>
  <datafield tag="100" ind1="1" ind2=" ">
    <subfield code="a">Weiblen, Willi</subfield>
  </datafield>
  <datafield tag="670" ind1=" " ind2=" ">
    <subfield code="a">Sander, O. Kommunale Wirtschaftsunternehmen, 1982:</subfield>
    <subfield code="b">t.p. (Willi Weiblen; Stadtrechtsoberrat)</subfield>
  </datafield>
</record>